<record><leader>00000cas a22000007a 4500</leader><controlfield tag="001">13825492</controlfield><controlfield tag="008">860707d191519uunjuwr ne      0    0eng d</controlfield><datafield ind1=" " ind2=" " tag="010"><subfield code="a">sn 85035687 </subfield></datafield><datafield ind1=" " ind2=" " tag="040"><subfield code="a">NPA</subfield><subfield code="b">eng</subfield><subfield code="c">NPA</subfield><subfield code="d">NJW</subfield><subfield code="d">OCLCQ</subfield></datafield><datafield ind1=" " ind2=" " tag="042"><subfield code="a">msc</subfield></datafield><datafield ind1="0" ind2="4" tag="245"><subfield code="a">The Independent press and Bloomfield citizen.</subfield></datafield><datafield ind1="3" ind2="0" tag="246"><subfield code="a">Independent press</subfield></datafield><datafield ind1=" " ind2=" " tag="260"><subfield code="a">Bloomfield, N.J. ;</subfield><subfield code="a">Glen Ridge, N.J. :</subfield><subfield code="b">Independent Press</subfield></datafield><datafield ind1=" " ind2=" " tag="300"><subfield code="a">v. :</subfield><subfield code="b">ill. ;</subfield><subfield code="c">57 cm.</subfield></datafield><datafield ind1=" " ind2=" " tag="310"><subfield code="a">Weekly</subfield></datafield><datafield ind1="1" ind2=" " tag="362"><subfield code="a">Began with July 9, 1915 issue.</subfield><subfield code="z">Cf. Independent press and Bloomfield citizen, May 6, 1932.</subfield></datafield><datafield ind1=" " ind2=" " tag="500"><subfield code="a">Special "50th year [ed.]" published May 6, 1932.</subfield></datafield><datafield ind1=" " ind2=" " tag="500"><subfield code="a">Editor: William M. Litvany, &lt;1932&gt;.</subfield></datafield><datafield ind1=" " ind2=" " tag="588"><subfield code="a">Description based on: Vol. 50, no. 1 (May 6, 1932).</subfield></datafield><datafield ind1=" " ind2=" " tag="752"><subfield code="a">United States</subfield><subfield code="b">New Jersey</subfield><subfield code="c">Essex</subfield><subfield code="d">Bloomfield.</subfield></datafield><datafield ind1=" " ind2=" " tag="752"><subfield code="a">United States</subfield><subfield code="b">New Jersey</subfield><subfield code="c">Essex</subfield><subfield code="d">Glen Ridge.</subfield></datafield><datafield ind1="0" ind2="4" tag="780"><subfield code="t">Independent press (Bloomfield, N.J.)</subfield><subfield code="w">(DLC)sn 87068085</subfield><subfield code="w">(OCoLC)16263543</subfield></datafield><datafield ind1="0" ind2="4" tag="780"><subfield code="t">Bloomfield citizen</subfield><subfield code="w">(DLC)sn 87068034</subfield><subfield code="w">(OCoLC)16263301</subfield></datafield><datafield ind1="0" ind2="0" tag="785"><subfield code="t">Bloomfield-Glen Ridge independent press</subfield></datafield><datafield ind1="1" ind2=" " tag="029"><subfield code="a">AU@</subfield><subfield code="b">000025785040</subfield></datafield></record>